<collection xmlns="http://www.loc.gov/MARC21/slim">
<record>
  <leader>01195nam0a2200277 i 450 </leader>
  <controlfield tag="001">IT\ICCU\CNCE\003031</controlfield>
  <controlfield tag="005">19970101000000.0</controlfield>
  <datafield tag="012" ind1=" " ind2=" ">
    <subfield code="a">ISo. esat umed prct (C) 1515 (Q)</subfield>
    <subfield code="2">fei</subfield>
  </datafield>
  <datafield tag="100" ind1=" " ind2=" ">
    <subfield code="a">19970101f1515        0itac0103    ba</subfield>
  </datafield>
  <datafield tag="101" ind1=" " ind2=" ">
    <subfield code="a">LAT</subfield>
  </datafield>
  <datafield tag="102" ind1=" " ind2=" ">
    <subfield code="a">IT</subfield>
  </datafield>
  <datafield tag="200" ind1="1" ind2=" ">
    <subfield code="a">Articulari morbo addictis elaborata questio</subfield>
  </datafield>
  <datafield tag="210" ind1=" " ind2=" ">
    <subfield code="a">\Milano</subfield>
    <subfield code="c">Giovanni Castiglione</subfield>
    <subfield code="d">circa 1515!</subfield>
  </datafield>
  <datafield tag="215" ind1=" " ind2=" ">
    <subfield code="a">\30! c.</subfield>
    <subfield code="d">fol</subfield>
  </datafield>
  <datafield tag="620" ind1=" " ind2=" ">
    <subfield code="a">IT</subfield>
    <subfield code="d">Milano</subfield>
  </datafield>
  <datafield tag="700" ind1=" " ind2="1">
    <subfield code="a">Arluno,</subfield>
    <subfield code="b">Giovanni Pietro</subfield>
    <subfield code="3">IT\ICCU\CNCA\000877</subfield>
  </datafield>
  <datafield tag="712" ind1="0" ind2="0">
    <subfield code="a">Castiglione, Giovanni</subfield>
    <subfield code="3">IT\ICCU\CNCT\000211</subfield>
    <subfield code="4">650</subfield>
  </datafield>
  <datafield tag="791" ind1="0" ind2="0">
    <subfield code="a">Castilioneus, Zanotus</subfield>
    <subfield code="3">IT\ICCU\CNCT\003664</subfield>
    <subfield code="z">Castiglione, Giovanni</subfield>
  </datafield>
  <datafield tag="791" ind1="0" ind2="0">
    <subfield code="a">Castelliono, Iohannes de</subfield>
    <subfield code="3">IT\ICCU\CNCT\004534</subfield>
    <subfield code="z">Castiglione, Giovanni</subfield>
  </datafield>
  <datafield tag="791" ind1="0" ind2="0">
    <subfield code="a">Castelliono, Zanotus de</subfield>
    <subfield code="3">IT\ICCU\CNCT\004535</subfield>
    <subfield code="z">Castiglione, Giovanni</subfield>
  </datafield>
  <datafield tag="791" ind1="0" ind2="0">
    <subfield code="a">Castione, Zanoto de</subfield>
    <subfield code="3">IT\ICCU\CNCT\004538</subfield>
    <subfield code="z">Castiglione, Giovanni</subfield>
  </datafield>
  <datafield tag="791" ind1="0" ind2="0">
    <subfield code="a">Castilione, Iohannetus de</subfield>
    <subfield code="3">IT\ICCU\CNCT\004539</subfield>
    <subfield code="z">Castiglione, Giovanni</subfield>
  </datafield>
  <datafield tag="791" ind1="0" ind2="2">
    <subfield code="a">Zanotto da Castiglione</subfield>
    <subfield code="3">IT\ICCU\CNCT\004540</subfield>
    <subfield code="z">Castiglione, Giovanni</subfield>
  </datafield>
  <datafield tag="801" ind1=" " ind2="3">
    <subfield code="a">IT</subfield>
    <subfield code="b">ICCU</subfield>
    <subfield code="c">20201113</subfield>
  </datafield>
  <datafield tag="899" ind1=" " ind2=" ">
    <subfield code="a">Biblioteca Ambrosiana. Milano</subfield>
    <subfield code="1">MI0133</subfield>
    <subfield code="2">VBA 01</subfield>
  </datafield>
  <datafield tag="899" ind1=" " ind2=" ">
    <subfield code="a">Biblioteca universitaria. Pavia</subfield>
    <subfield code="1">PV0291</subfield>
    <subfield code="2">MIL UP</subfield>
  </datafield>
</record>
</collection>
